<?xml version="1.0" encoding="UTF-8" ?>
<record Numero="14013585" format="InterXMarc_Complet" type="Authority">
<leader>00714c1 au22000272  45  <Pos Code="0004">00714</Pos>
<Pos Code="05" Sens="notice modifiée">c</Pos>
<Pos Code="06" Sens="notice validée en catalogage courant">1</Pos>
<Pos Code="08" Sens="notice d&apos;autorité">a</Pos>
<Pos Code="09" Sens="titre uniforme musical (TUM)">u</Pos>
<Pos Code="10">2</Pos>
<Pos Code="11">2</Pos>
<Pos Code="1216">00027</Pos>
<Pos Code="17" Sens="autres cas">2</Pos>
<Pos Code="20">4</Pos>
<Pos Code="21">5</Pos>
</leader>
<controlfield tag="001">FRBNF140135850<Pos Code="0001">FR</Pos>
<Pos Code="0204">BNF</Pos>
<Pos Code="0512">14013585</Pos>
<Pos Code="13">0</Pos>
</controlfield>
<controlfield tag="008">980914131021yyita op        1770                             010 <Pos Code="0001">98</Pos>
<Pos Code="0203">09</Pos>
<Pos Code="0405">14</Pos>
<Pos Code="0607">13</Pos>
<Pos Code="0809">10</Pos>
<Pos Code="1011">21</Pos>
<Pos Code="1213" Sens="ne s&apos;applique pas">yy</Pos>
<Pos Code="1416" Sens="italien">ita</Pos>
<Pos Code="1820" Sens="opéra [drame lyrique => opéra, melodramma => opéra]">op </Pos>
<Pos Code="2831">1770</Pos>
<Pos Code="61" Sens="La vedette peut être liée à une notice bibliographique pour les accès signalétiques et/ou pour l&apos;accès matière RAMEAU">0</Pos>
<Pos Code="62" Sens="La vedette ne peut s&apos;employer qu&apos;en tête de vedette">1</Pos>
<Pos Code="63" Sens="La vedette n&apos;admet pas de subdivision géographique">0</Pos>
</controlfield>
<datafield tag="048" ind1=" " ind2=" ">
	<subfield code="a">va04<Pos Code="0001" Sens="voix - soprano">va</Pos>
<Pos Code="02">0</Pos>
<Pos Code="03">4</Pos>
</subfield>
	<subfield code="a">vd02<Pos Code="0001" Sens="voix - ténor">vd</Pos>
<Pos Code="02">0</Pos>
<Pos Code="03">2</Pos>
</subfield>
	<subfield code="a">cn01<Pos Code="0001" Sens="choeurs - non spécifié">cn</Pos>
<Pos Code="02">0</Pos>
<Pos Code="03">1</Pos>
</subfield>
	<subfield code="a">oa01<Pos Code="0001" Sens="orchestre - orchestre symphonique XIXe-XXe s.">oa</Pos>
<Pos Code="02">0</Pos>
<Pos Code="03">1</Pos>
</subfield>
	<subfield code="a">zb01<Pos Code="0001" Sens="basse continue - instruments non spécifiés">zb</Pos>
<Pos Code="02">0</Pos>
<Pos Code="03">1</Pos>
</subfield>
</datafield>
<datafield tag="100" ind1=" " ind2=" ">
	<subfield code="3">13894547</subfield>
	<subfield code="w">.0..b.....</subfield>
	<subfield code="a">Gluck</subfield>
	<subfield code="m">Christoph Willibald von</subfield>
	<subfield code="d">1714-1787</subfield>
</datafield>
<datafield tag="144" ind1="1" ind2=" ">
	<subfield code="w">....b.....</subfield>
	<subfield code="a">Paride ed Elena</subfield>
	<subfield code="k">W 39</subfield>
</datafield>
<datafield tag="322" ind1="6" ind2=" ">
	<subfield code="3">12043580</subfield>
	<subfield code="9">100</subfield>
	<subfield code="w">.0..b.....</subfield>
	<subfield code="a">Calzabigi</subfield>
	<subfield code="m">Ranieri</subfield>
	<subfield code="d">1714-1795</subfield>
</datafield>
<datafield tag="600" ind1=" " ind2=" ">
	<subfield code="a">Drame musical en 5 actes</subfield>
	<subfield code="a">Livret de Ranieri de Calzabigi</subfield>
	<subfield code="a">Créé à Vienne, Burgtheater, le 3 novembre 1770</subfield>
</datafield>
<datafield tag="608" ind1=" " ind2=" ">
	<subfield code="b">Hélène, Amour, Pallas Athena, un soprano solo (sopranos)</subfield>
	<subfield code="b">Pâris, un ténor solo (ténors)</subfield>
</datafield>
<datafield tag="610" ind1=" " ind2=" ">
	<subfield code="a">Grove opera</subfield>
	<subfield code="a">Wotquenne, Gluck</subfield>
</datafield>
<datafield tag="917" ind1=" " ind2=" ">
	<subfield code="o">OPC</subfield>
	<subfield code="a">101532590</subfield>
</datafield>
<datafield tag="917" ind1=" " ind2=" ">
	<subfield code="o">OPD</subfield>
	<subfield code="a">100733140</subfield>
	<subfield code="b">ATUM</subfield>
</datafield>
<datafield tag="996" ind1=" " ind2=" ">
	<subfield code="o">OPP</subfield>
	<subfield code="a">16305150</subfield>
	<subfield code="d">20130329</subfield>
</datafield>
<datafield tag="996" ind1=" " ind2=" ">
	<subfield code="o">OPP</subfield>
	<subfield code="a">15990938</subfield>
	<subfield code="d">20131021</subfield>
</datafield>
<datafield tag="996" ind1=" " ind2=" ">
	<subfield code="o">OPP</subfield>
	<subfield code="a">14843839</subfield>
	<subfield code="d">20131021</subfield>
</datafield>
<Alter Ori="13894547">
<datafield tag="400" ind1=" " ind2=" ">
	<subfield code="w">....b.....</subfield>
	<subfield code="a">Gluck</subfield>
	<subfield code="m">Christoph von</subfield>
	<subfield code="d">1714-1787</subfield>
</datafield>
<datafield tag="400" ind1=" " ind2=" ">
	<subfield code="w">....b.....</subfield>
	<subfield code="a">Gluck</subfield>
	<subfield code="m">Cristofforo</subfield>
	<subfield code="d">1714-1787</subfield>
</datafield>
</Alter>
<Attr Nom="IDPerenne">ark:/12148/cb140135857</Attr>
<Attr Nom="NumSource">OPC 101532590</Attr>
<Attr Nom="Source" Sens="BnF catalogue général (depuis 1999)">A</Attr>
<Attr Nom="NumAutoriteLiee">1389454712043580</Attr>
<Attr Nom="DateCreation">14/09/ 1998</Attr>
<Attr Nom="ResponsableCreation">MIGV2</Attr>
<Attr Nom="StructCreation">1</Attr>
<Attr Nom="DateDerniereValidation">21/10/ 2013</Attr>
<Attr Nom="ResponsableDerniereValidation">SERRES CATHERINE</Attr>
<Attr Nom="StructPremiereValidation">1</Attr>
<Attr Nom="DatePremiereValidation">14/09/ 1998</Attr>
<Attr Nom="ResponsablePremiereValidation">MIGV2</Attr>
<Attr Nom="StructDerniereValidation">82</Attr>
<Attr Nom="NumSource" Rep="1">OPD 100733140</Attr>
<Attr Nom="NumSource" Rep="2">OPP 16305150</Attr>
<Attr Nom="NumSource" Rep="3">OPP 15990938</Attr>
<Attr Nom="NumSource" Rep="4">OPP 14843839</Attr>
</record>
